@book{Wickham:2017:RDS:3086927,
 author = {Wickham, Hadley and Grolemund, Garrett},
 title = {R for Data Science: Import, Tidy, Transform, Visualize, and Model Data},
 year = {2017},
 isbn = {1491910399, 9781491910399},
 edition = {1st},
 publisher = {O'Reilly Media, Inc.},
} 

@Manual{dplyr,
  title = {dplyr: A Grammar of Data Manipulation},
  author = {Hadley Wickham and Romain François and Lionel Henry and Kirill Müller},
  year = {2019},
  note = {R package version 0.8.0.1},
  url = {https://CRAN.R-project.org/package=dplyr},
}

@Manual{gganimate,
  title = {gganimate: A Grammar of Animated Graphics},
  author = {Thomas Lin Pedersen and David Robinson},
  year = {2019},
  note = {R package version 1.0.3},
  url = {https://CRAN.R-project.org/package=gganimate},
}

@Manual{tidyexplain,
  title = {tidyexplain: Tidy Animated Verbs},
  author = {Garrick Aden-Buie and Tyler Grant Smith},
  year = {2018},
  url = {https://CRAN.R-project.org/package=gganimate},
}
@Manual{htmlwidgets,
  title = {htmlwidgets: HTML Widgets for R},
  author = {Ramnath Vaidyanathan and Yihui Xie and JJ Allaire and Joe Cheng and Kenton Russell},
  year = {2018},   note = {R package version 1.3},
  url = {https://CRAN.R-project.org/package=htmlwidgets},
}
@Manual{shiny,
  title = {shiny: Web Application Framework for R},
  author = {Winston Chang and Joe Cheng and JJ Allaire and Yihui Xie and Jonathan McPherson},
  year = {2019},
  note = {R package version 1.3.2},
  url = {https://CRAN.R-project.org/package=shiny},
}
@Manual{tidyr,
  title = {tidyr: Easily Tidy Data with 'spread()' and 'gather()' Functions},
  author = {Hadley Wickham and Lionel Henry},
  year = {2019},
  note = {R package version 0.8.3},
  url = {https://CRAN.R-project.org/package=tidyr},
}
@Manual{d3,
  title = {D3: Data-Driven Documents},
  author = {Mike Bostock and Jason Davies and Jeffrey Heer and Vadim},
  year = {2019},
  note = {JavaScript Library 5.9.2},
  url = {https://d3js.org/},
}

@inproceedings{Johnson2003DataQA,
  title={Data Quality and Data Cleaning: An Overview},
  author={Theodore Johnson and Tamraparni Dasu},
  booktitle={SIGMOD Conference},
  year={2003}
}